@book{rest,
  author = {Richardson, Leonard and Ruby, Sam},
  year = {2007},
  title = {RESTful Web Services},
	isbn = {978-0-596-52926-0},
	publisher = {O’Reilly Media},
}

@misc{es6Promise,
  author = {Ecma International},
  title = {{ECMAScript® 2015 Language Specification - Promise Objects}},
  note = {\url{http://www.ecma-international.org/ecma-262/6.0/ECMA-262.pdf}, Seiten 483 \& 484, abgerufen am: 27.2.2018},
  year = {2015},
}
